<?xml version="1.0" encoding="UTF-8"?><collection xmlns="http://www.loc.gov/MARC21/slim"><record><leader>00343nam--2200133-i-4500</leader><controlfield tag="001">000030309</controlfield><controlfield tag="002">20161230</controlfield><controlfield tag="005">20161230201038</controlfield><controlfield tag="008">060222s1000------------r-----000-0-eng-d</controlfield><datafield ind1=" " ind2=" " tag="080"><subfield code="a">541</subfield></datafield><datafield ind1=" " ind2=" " tag="100"><subfield code="a">Manaila, R</subfield></datafield><datafield ind1=" " ind2=" " tag="245"><subfield code="a">Cation migration in tetragonal spinels (mg mn2o4)</subfield></datafield><datafield ind1=" " ind2=" " tag="260"><subfield code="a">Bucuresti, Institutul De Fizica, 1967, 17p</subfield></datafield><datafield ind1=" " ind2=" " tag="852"><subfield code="a">28434</subfield></datafield></record></collection>